[gd_scene load_steps=18 format=1]

[ext_resource path="res://scripts/brown_horse.gd" type="Script" id=1]
[ext_resource path="res://sprites/PNG/horse_brown-6.png" type="Texture" id=2]
[ext_resource path="res://sprites/PNG/horse_brown-7.png" type="Texture" id=3]
[ext_resource path="res://sprites/PNG/horse_brown-8.png" type="Texture" id=4]
[ext_resource path="res://sprites/PNG/horse_brown-0.png" type="Texture" id=5]
[ext_resource path="res://sprites/PNG/horse_brown-1.png" type="Texture" id=6]
[ext_resource path="res://sprites/PNG/horse_brown-2.png" type="Texture" id=7]
[ext_resource path="res://sprites/PNG/horse_brown-3.png" type="Texture" id=8]
[ext_resource path="res://sprites/PNG/horse_brown-5.png" type="Texture" id=9]
[ext_resource path="res://sprites/PNG/horse_brown-4.png" type="Texture" id=10]
[ext_resource path="res://sprites/PNG/horse_brown-10.png" type="Texture" id=11]
[ext_resource path="res://sprites/PNG/horse_brown-11.png" type="Texture" id=12]
[ext_resource path="res://sprites/PNG/horse_brown-9.png" type="Texture" id=13]
[ext_resource path="res://sfx/horse.wav" type="Sample" id=14]

[sub_resource type="CircleShape2D" id=1]

custom_solver_bias = 0.0
radius = 28.9434

[sub_resource type="SpriteFrames" id=2]

animations = [ {
"frames": [ ExtResource( 2 ), ExtResource( 3 ), ExtResource( 4 ) ],
"loop": true,
"name": "walk_down",
"speed": 5.0
}, {
"frames": [ ExtResource( 5 ), ExtResource( 6 ), ExtResource( 7 ) ],
"loop": true,
"name": "walk_up",
"speed": 5.0
}, {
"frames": [ ExtResource( 8 ), ExtResource( 9 ), ExtResource( 10 ) ],
"loop": true,
"name": "walk_right",
"speed": 5.0
}, {
"frames": [ ExtResource( 11 ), ExtResource( 12 ), ExtResource( 13 ) ],
"loop": true,
"name": "walk_left",
"speed": 5.0
} ]

[sub_resource type="SampleLibrary" id=3]

samples/horse = {
"db": 0.0,
"pitch": 1.0,
"priority": 0,
"sample": ExtResource( 14 )
}

[node name="brown_horse" type="KinematicBody2D"]

transform/pos = Vector2( 214.984, 116.75 )
input/pickable = false
shapes/0/shape = SubResource( 1 )
shapes/0/transform = Matrix32( 1, 0, 0, 1, 0, 0 )
shapes/0/trigger = false
collision/layers = 1
collision/mask = 1
collision/margin = 0.08
script/script = ExtResource( 1 )
__meta__ = {
"_edit_group_": true
}

[node name="animated_sprite" type="AnimatedSprite" parent="."]

frames = SubResource( 2 )
animation = "walk_up"
frame = 1
playing = true

[node name="collision" type="CollisionShape2D" parent="."]

shape = SubResource( 1 )
trigger = false
_update_shape_index = 0

[node name="timer" type="Timer" parent="."]

process_mode = 1
wait_time = 17.0
one_shot = false
autostart = true

[node name="sound" type="SamplePlayer2D" parent="."]

params/volume_db = 0.0
params/pitch_scale = 1.0
params/attenuation/min_distance = 1.0
params/attenuation/max_distance = 2048.0
params/attenuation/distance_exp = 1.0
config/polyphony = 1
config/samples = SubResource( 3 )
config/pitch_random = 0.0

[node name="visibility_enabler" type="VisibilityEnabler2D" parent="."]

rect = Rect2( -10, -10, 20, 20 )
enabler/pause_animations = true
enabler/freeze_bodies = true
enabler/pause_particles = true
enabler/pause_animated_sprites = true
enabler/process_parent = false
enabler/fixed_process_parent = false

[connection signal="timeout" from="timer" to="." method="_on_timer_timeout"]

[connection signal="enter_screen" from="visibility_enabler" to="." method="_on_visibility_enabler_enter_screen"]

[connection signal="exit_screen" from="visibility_enabler" to="." method="_on_visibility_enabler_exit_screen"]


