[gd_scene load_steps=6 format=1]

[ext_resource path="res://scripts/egg.gd" type="Script" id=1]
[ext_resource path="res://sprites/radioactive monsters glowing.png" type="Texture" id=2]
[ext_resource path="res://sfx/MonsterCreatures/MonsterCreaturesVoiceSound005.wav" type="Sample" id=3]

[sub_resource type="CircleShape2D" id=1]

custom_solver_bias = 0.0
radius = 13.9034

[sub_resource type="SampleLibrary" id=2]

samples/eye = {
"db": 0.0,
"pitch": 1.0,
"priority": 0,
"sample": ExtResource( 3 )
}

[node name="egg" type="KinematicBody2D"]

input/pickable = false
shapes/0/shape = SubResource( 1 )
shapes/0/transform = Matrix32( 1, 0, 0, 1, -3.8824, 4.52947 )
shapes/0/trigger = false
collision/layers = 1
collision/mask = 1
collision/margin = 0.08
script/script = ExtResource( 1 )
__meta__ = {
"_edit_group_": true
}

[node name="sprite" type="Sprite" parent="."]

texture = ExtResource( 2 )
region = true
region_rect = Rect2( 72, 0, 64, 64 )

[node name="collision" type="CollisionShape2D" parent="."]

transform/pos = Vector2( -3.8824, 4.52947 )
shape = SubResource( 1 )
trigger = false
_update_shape_index = 0

[node name="timer" type="Timer" parent="."]

process_mode = 1
wait_time = 11.0
one_shot = false
autostart = true

[node name="sound" type="SamplePlayer2D" parent="."]

params/volume_db = 0.0
params/pitch_scale = 1.0
params/attenuation/min_distance = 1.0
params/attenuation/max_distance = 2048.0
params/attenuation/distance_exp = 1.0
config/polyphony = 1
config/samples = SubResource( 2 )
config/pitch_random = 0.0

[node name="visibility_enabler" type="VisibilityEnabler2D" parent="."]

rect = Rect2( -10, -10, 20, 20 )
enabler/pause_animations = true
enabler/freeze_bodies = true
enabler/pause_particles = true
enabler/pause_animated_sprites = true
enabler/process_parent = false
enabler/fixed_process_parent = false

[node name="effect" type="Tween" parent="."]

playback/process_mode = 1
playback/active = false
playback/repeat = false
playback/speed = 1.0

[connection signal="timeout" from="timer" to="." method="_on_timer_timeout"]

[connection signal="enter_screen" from="visibility_enabler" to="." method="_on_visibility_enabler_enter_screen"]

[connection signal="exit_screen" from="visibility_enabler" to="." method="_on_visibility_enabler_exit_screen"]

[connection signal="tween_complete" from="effect" to="." method="_on_effect_tween_complete"]


